<record xmlns="http://www.loc.gov/MARC21/slim">
   <leader>01311ccm a2200337 a 4500</leader>
   <controlfield tag="001">1360951</controlfield>
   <controlfield tag="008">910306s1985    it sna          n   ita o</controlfield>
   <datafield ind1="3" ind2="1" tag="028">
      <subfield code="a">G.6144 Z.</subfield>
      <subfield code="b">Zanibon</subfield>
   </datafield>
   <datafield ind1="3" ind2="1" tag="028">
      <subfield code="a">6144</subfield>
      <subfield code="b">Zanibon</subfield>
   </datafield>
   <datafield ind1=" " ind2=" " tag="035">
      <subfield code="a">ocm21167492</subfield>
   </datafield>
   <datafield ind1=" " ind2=" " tag="040">
      <subfield code="a">RCE</subfield>
      <subfield code="b">eng</subfield>
      <subfield code="c">RCE</subfield>
      <subfield code="d">m/c</subfield>
   </datafield>
   <datafield ind1=" " ind2=" " tag="048">
      <subfield code="a">sc02</subfield>
   </datafield>
   <datafield ind1=" " ind2=" " tag="049">
      <subfield code="a">AEU</subfield>
      <subfield code="b">eng</subfield>
   </datafield>
   <datafield ind1="0" ind2=" " tag="090">
      <subfield code="a">M 231 B66 G.17 1985 folio</subfield>
   </datafield>
   <datafield ind1="1" ind2=" " tag="100">
      <subfield code="a">Boccherini, Luigi,</subfield>
      <subfield code="d">1743-1805.</subfield>
   </datafield>
   <datafield ind1="1" ind2="0" tag="240">
      <subfield code="a">Sonatas,</subfield>
      <subfield code="m">violoncello, continuo,</subfield>
      <subfield code="n">G. 17,</subfield>
      <subfield code="r">C major</subfield>
   </datafield>
   <datafield ind1="1" ind2="0" tag="245">
      <subfield code="a">Sonata N. 17 in do maggiore (G. 17) per violoncello e basso ;</subfield>
      <subfield code="h">[music]</subfield>
      <subfield code="b">nella stesura originale per due violoncelli /</subfield>
      <subfield code="c">Luigi Boccherini ; edizione a cura de Aldo Pais.</subfield>
   </datafield>
   <datafield ind1=" " ind2=" " tag="260">
      <subfield code="a">Padova :</subfield>
      <subfield code="b">G. Zanibon,</subfield>
      <subfield code="c">c1985.</subfield>
   </datafield>
   <datafield ind1=" " ind2=" " tag="300">
      <subfield code="a">1 score (28 p.) ;</subfield>
      <subfield code="c">32 cm.</subfield>
   </datafield>
   <datafield ind1=" " ind2=" " tag="336">
      <subfield code="a">notated music</subfield>
      <subfield code="b">ntm</subfield>
      <subfield code="2">rdacontent</subfield>
   </datafield>
   <datafield ind1=" " ind2=" " tag="337">
      <subfield code="a">unmediated</subfield>
      <subfield code="b">n</subfield>
      <subfield code="2">rdamedia</subfield>
   </datafield>
   <datafield ind1=" " ind2=" " tag="500">
      <subfield code="a">Introductory notes in Italian and English.</subfield>
   </datafield>
   <datafield ind1=" " ind2=" " tag="500">
      <subfield code="a">Includes a manuscript facsimile.</subfield>
   </datafield>
   <datafield ind1=" " ind2=" " tag="500">
      <subfield code="a">Duration: 15:30.</subfield>
   </datafield>
   <datafield ind1=" " ind2=" " tag="500">
      <subfield code="a">Publisher's no.: G. 6144 Z.</subfield>
   </datafield>
   <datafield ind1=" " ind2=" " tag="596">
      <subfield code="a">43</subfield>
   </datafield>
   <datafield ind1=" " ind2="0" tag="650">
      <subfield code="a">Sonatas (Cello and continuo)</subfield>
      <subfield code="v">Scores.</subfield>
   </datafield>
   <datafield ind1=" " ind2="0" tag="650">
      <subfield code="a">Sonatas (Violincellos (2))</subfield>
      <subfield code="v">Scores.</subfield>
   </datafield>
   <datafield ind1=" " ind2="0" tag="650">
      <subfield code="a">Music</subfield>
      <subfield code="v">Manuscripts</subfield>
      <subfield code="v">Facsimiles.</subfield>
   </datafield>
   <datafield ind1="1" ind2=" " tag="700">
      <subfield code="a">Pais, Aldo.</subfield>
   </datafield>
   <datafield ind1=" " ind2=" " tag="926">
      <subfield code="a">M 231 B66 G.17 1985 folio</subfield>
      <subfield code="w">LC</subfield>
      <subfield code="c">1</subfield>
      <subfield code="i">000035835222</subfield>
      <subfield code="d">6/7/2010</subfield>
      <subfield code="e">6/6/2010</subfield>
      <subfield code="l">MUSIC</subfield>
      <subfield code="m">UAHSS</subfield>
      <subfield code="n">5</subfield>
      <subfield code="p">$150.00</subfield>
      <subfield code="r">Y</subfield>
      <subfield code="s">Y</subfield>
      <subfield code="t">MUSICSCORE</subfield>
      <subfield code="u">3/11/1991</subfield>
   </datafield>
</record>
